@article{smith1981identification,
  title = {{Identification of common molecular subsequences}},
  author = {Smith, Temple F and Waterman, Michael S},
  journal = {Journal of molecular biology},
  volume = {147},
  number = {1},
  pages = {195--197},
  year = {1981},
  publisher = {Elsevier},
}


@article{needleman,
  title = {{A general method applicable to the search for similarities in the amino acid sequence of two proteins}},
  author = {Needleman, Saul B and Wunsch, Christian D},
  journal = {Journal of molecular biology},
  volume = {48},
  number = {3},
  pages = {443--453},
  year = {1970},
  publisher = {Elsevier},
}


@article{19718026,
  title = {{Personalized copy number and segmental duplication maps using next-generation sequencing.}},
  date = {2009 Oct},
  source = {Nat Genet},
  authors = {Alkan, C and Kidd, JM and Marques-Bonet, T and Aksay, G and Antonacci, F and Hormozdiari, F and Kitzman, JO and Baker, C and Malig, M and Mutlu, O and Sahinalp, SC and Gibbs, RA and Eichler, EE},
  author = {Alkan, C and Kidd, JM and Marques-Bonet, T and Aksay, G and Antonacci, F and Hormozdiari, F and Kitzman, JO and Baker, C and Malig, M and Mutlu, O and Sahinalp, SC and Gibbs, RA and Eichler, EE},
  year = {2009},
  month = {Oct},
  journal = {Nat Genet},
  volume = {41},
  number = {},
  pages = {1061-7},
  pubmed_id = {19718026},
}
